

@article{Martin2005,
  title = {Modeling {{Fractures}} and {{Barriers}} as {{Interfaces}} for {{Flow}} in {{Porous Media}}},
  volume = {26},
  issn = {10648275},
  doi = {10.1137/S1064827503429363},
  number = {5},
  journaltitle = {SIAM Journal on Scientific Computing},
  urldate = {2012-04-18},
  date = {2005},
  pages = {1667},
  author = {Martin, Vincent and Jaffr\'e, J\'er\^ome and Roberts, Jean E.},
}



@Misc{flow123d,
author =   {B{\v r}ezina, Jan and Stebel, Jan and Exner, Pavel and Hyb{\v s}, Jan},
title =    {Flow123d},
howpublished = {\url{http://flow123d.github.com}, repository: \url{http://github.com/flow123d/flow123d}},
year = {2011--2016}
}


@book{Evans1998,
  title = {Partial Differential Equations},
  isbn = {978-0-8218-0772-9},
  abstract = {Lawrence C. Evans presents a comprehensive survey of modern techniques in the theoretical study of partial differential equations, with particular emphasis on nonlinear equations.},
  pagetotal = {692},
  publisher = {{American Mathematical Society}},
  year = {1998},
  keywords = {Mathematics / Differential Equations / General},
  author = {Evans, Lawrence C.},
  eprinttype = {googlebooks}
}

@article{Elmo_Discrete_2014a,
  title = {Discrete {{Fracture Network}} Approach to Characterise Rock Mass Fragmentation and Implications for Geomechanical Upscaling},
  author = {Elmo, D. and Rogers, S. and Stead, D. and Eberhardt, E.},
  year = {2014},
  journal = {Mining Technology},
  volume = {123},
  number = {3},
  pages = {149--161},
  publisher = {{Taylor \& Francis}},
  issn = {1474-9009},
  doi = {10.1179/1743286314Y.0000000064},
  urldate = {2023-04-15},
  keywords = {Discrete Fracture Network,Fragmentation,Geomechanical upscaling,Rock mass characterisation}
}



@article{Bogdanov2007Effective,
  title = {Effective Permeability of Fractured Porous Media with Power-Law Distribution of Fracture Sizes},
  author = {Bogdanov, I. I. and Mourzenko, V. V. and Thovert, J.-F. and Adler, P. M.},
  year = {2007},
  journal = {Physical Review E},
  volume = {76},
  number = {3},
  pages = {036309},
  publisher = {{American Physical Society}},
  doi = {10.1103/PhysRevE.76.036309},
  urldate = {2022-04-29}
}




@article{reichenberger_mixed-dimensional_2006,
	title = {A mixed-dimensional finite volume method for two-phase flow in fractured porous media},
	volume = {29},
	COMMENTurl = {http://www.sciencedirect.com/science/article/pii/S0309170805002150},
	pages = {1020--1036},
	number = {7},
	journal = {Advances in Water Resources},
	author = {Reichenberger, Volker and Jakobs, Hartmut and Bastian, Peter and Helmig, Rainer},
	urldate = {2016-09-14},
	year = {2006},
	file = {Reichenberger, Jakobs, Bastian, Helming mixed-dimensions.pdf:/home/jb/.mozilla/firefox/utsq2ou9.default/zotero/storage/FZAV9RZK/Reichenberger, Jakobs, Bastian, Helming mixed-dimensions.pdf:application/pdf}
}


@incollection{brezina_analysis_2015,
        title = {Analysis of Model Error for a Continuum-Fracture Model of Porous Media Flow},
        isbn = {978-3-319-40360-1 978-3-319-40361-8},
        COMMENTurl = {http://link.springer.com/chapter/10.1007/978-3-319-40361-8_11},
        series = {Lecture Notes in Computer Science},
        pages = {152--160},
        number = {9611},
        booktitle = {High Performance Computing in Science and Engineering},
        publisher = {Springer International Publishing},
        author = {B{\v r}ezina, Jan and Stebel, Jan},
        COMMENTeditor = {Kozubek, Tomáš and Blaheta, Radim and Šístek, Jakub and Rozložník, Miroslav and Čermák, Martin},
        urldate = {2016-06-03},
        date = {2015-05-25},
        year = {2015},
        langid = {english},
        COMMENTnote = {{doi}: 10.1007/978-3-319-40361-8\_11},
        doi = {10.1007/978-3-319-40361-8\_11},
        keywords = {Artificial Intelligence (incl. Robotics), Complexity, Computational Mathematics and Numerical Analysis, Darcy flow, Error estimate, Fractured media, Mathematics of Computing, Reduced model, Software Engineering/Programming and Operating Systems}
}





@article{fumagalli_numerical_2011,
        title = {Numerical modelling of multiphase subsurface ﬂow in the presence of fractures},
        volume = {3},
        issn = {2038-0909},
        COMMENTurl = {http://openjournal.simai.eu/index.php/caim/article/view/380},
        doi = {10.1685/journal.caim.380},
        number = {1},
        journal = {Communications in Applied and Industrial Mathematics},
        author = {Fumagalli, Alessio and Scotti, Anna},
        urldate = {2014-12-15},
        date = {2011-12-29},
        year = {2011}}



@article{Angot2009a,
  title = {Asymptotic and Numerical Modelling of Flows in Fractured Porous Media},
  author = {Angot, Philippe and Boyer, Franck and Hubert, Florence},
  year = {2009},
  journal = {ESAIM: Mathematical Modelling and Numerical Analysis},
  volume = {43},
  number = {02},
  pages = {239--275},
  doi = {10.1051/m2an/2008052},
  keywords = {asymptotic models of flow.,Darcy flow,Finite volume method,Fractured porous media}
}



@book{Brown1993,
  title = {Fourier Series and Boundary Value Problems},
  author = {Brown, James Ward and Churchill, Ruel V.},
  year = {1993},
  month = jan,
  edition = {5th edition},
  publisher = {{Mcgraw-Hill College}},
  address = {{New York}},
  isbn = {978-0-07-008202-1}
}


@article{Onder1998,
  title = {One-Dimensional Transient Flow in a Finite Fractured Aquifer System},
  author = {{\"O}nder, Hal{\.i}L},
  year = {1998},
  month = apr,
  journal = {Hydrological Sciences Journal},
  volume = {43},
  number = {2},
  pages = {243--265},
  issn = {0262-6667, 2150-3435},
  doi = {10.1080/02626669809492120}
}



@book{Genuchten1982,
  title = {Analytical Solutions of the One-dimensional Convective-dispersive Solute Transport Equation},
  author = {Genuchten, Martinus Theodorus Van},
  year = {1982},
  publisher = {{U.S. Department of Agriculture, Agricultural Research Service}},
  googlebooks = {LHps6Cz81OAC}
}



